<?xml version="1.0" encoding="UTF-8"?>
<collection xmlns:xsi="http://www.w3.org/2001/XMLSchema-instance" xsi:schemaLocation="http://www.loc.gov/MARC21/slim http://www.loc.gov/standards/marcxml/schema/MARC21slim.xsd" xmlns="http://www.loc.gov/MARC21/slim">
<record>
  <leader>01667cam a2200361Ma 4500</leader>
  <controlfield tag="001">3072480</controlfield>
  <controlfield tag="003">NNC</controlfield>
  <controlfield tag="005">20130520200859.0</controlfield>
  <controlfield tag="008">970529s1908    ua            000 0 arard</controlfield>
  <datafield tag="035" ind1=" " ind2=" ">
    <subfield code="a">(OCoLC)ocm37483083</subfield>
  </datafield>
  <datafield tag="035" ind1=" " ind2=" ">
    <subfield code="9">ATP5534CU</subfield>
  </datafield>
  <datafield tag="035" ind1=" " ind2=" ">
    <subfield code="a">(NNC)3072480</subfield>
  </datafield>
  <datafield tag="035" ind1=" " ind2=" ">
    <subfield code="a">3072480</subfield>
  </datafield>
  <datafield tag="040" ind1=" " ind2=" ">
    <subfield code="a">RBN</subfield>
    <subfield code="c">RBN</subfield>
    <subfield code="d">ZCU</subfield>
  </datafield>
  <datafield tag="050" ind1="1" ind2="4">
    <subfield code="a">B753.S83</subfield>
    <subfield code="b">H553x 1908</subfield>
  </datafield>
  <datafield tag="099" ind1=" " ind2=" ">
    <subfield code="a">893.791</subfield>
    <subfield code="a">D269</subfield>
  </datafield>
  <datafield tag="100" ind1="1" ind2=" ">
    <subfield code="a">Dawwānī, Muḥammad ibn Asʻad,</subfield>
    <subfield code="d">1426 or 1427-1512 or 1513.</subfield>
  </datafield>
  <datafield tag="240" ind1="1" ind2="0">
    <subfield code="a">Zawrāʼ</subfield>
  </datafield>
  <datafield tag="245" ind1="1" ind2="0">
    <subfield code="a">Hādhā Kitāb al-Zawrāʾ wa-al-taʻlīqāt ʻalayhi fī taḥqīq al-mabdaʾ wa-al-maʻād /</subfield>
    <subfield code="c">li-Jalāl al-Dīn al-Dawwānī.</subfield>
  </datafield>
  <datafield tag="246" ind1="1" ind2="0">
    <subfield code="a">Kitāb al-Zawrāʾ wa-al-taʻlīqāt ʻalayhi fī taḥqīq al-mabdaʾ wa-al-maʻād</subfield>
  </datafield>
  <datafield tag="250" ind1=" " ind2=" ">
    <subfield code="a">al-Ṭabʻah 1.</subfield>
  </datafield>
  <datafield tag="260" ind1=" " ind2=" ">
    <subfield code="a">Kafr al-Ṭammāʻīn [Cairo] :</subfield>
    <subfield code="b">al-Maṭbaʻah al-Ḥusaynīyah al-Miṣrīyah,</subfield>
    <subfield code="c">1326 [1908]</subfield>
  </datafield>
  <datafield tag="300" ind1=" " ind2=" ">
    <subfield code="a">48 p. ;</subfield>
    <subfield code="c">20 cm.</subfield>
  </datafield>
  <datafield tag="500" ind1=" " ind2=" ">
    <subfield code="a">Followed by the author's al-Ḥāshiyah ʻalá khuṭbat al-Zawrāʾ (p. 35-end).</subfield>
  </datafield>
  <datafield tag="500" ind1=" " ind2=" ">
    <subfield code="a">al-Zawrāʾ is a commentary on al-Suhrawardī's Ḥikmat al-ishrāq.</subfield>
  </datafield>
  <datafield tag="500" ind1=" " ind2=" ">
    <subfield code="a">Includes the text of al-Suhrawardī's Ḥikmat al-ishrāq.</subfield>
  </datafield>
  <datafield tag="600" ind1="1" ind2="0">
    <subfield code="a">Suhrawardī, Yaḥyá ibn Ḥabash,</subfield>
    <subfield code="d">1152 or 1153-1191.</subfield>
    <subfield code="t">Ḥikmat al-ishrāq.</subfield>
  </datafield>
  <datafield tag="600" ind1="1" ind2="0">
    <subfield code="a">Dawwānī, Muḥammad ibn Asʻad,</subfield>
    <subfield code="d">1426 or 1427-1512 or 1513.</subfield>
    <subfield code="t">Zawrāʼ.</subfield>
  </datafield>
  <datafield tag="650" ind1=" " ind2="0">
    <subfield code="a">Ishrāqīyah.</subfield>
  </datafield>
  <datafield tag="650" ind1=" " ind2="0">
    <subfield code="a">Sufism.</subfield>
  </datafield>
  <datafield tag="700" ind1="1" ind2="2">
    <subfield code="a">Dawwānī, Muḥammad ibn Asʻad,</subfield>
    <subfield code="d">1426 or 1427-1512 or 1513.</subfield>
    <subfield code="t">Ḥāshiyah ʻalá khuṭbat al-Zawrāʼ.</subfield>
  </datafield>
  <datafield tag="700" ind1="1" ind2="2">
    <subfield code="a">Suhrawardī, Yaḥyá ibn Ḥabash,</subfield>
    <subfield code="d">1152 or 1153-1191.</subfield>
    <subfield code="t">Ḥikmat al-ishrāq.</subfield>
  </datafield>
  <datafield tag="955" ind1=" " ind2=" ">
    <subfield code="b">CU58877916</subfield>
    <subfield code="d">off,glx</subfield>
    <subfield code="e">893.791 D269</subfield>
  </datafield>
</record>
</collection>